<?xml version="1.0" encoding="UTF-8"?><collection xmlns="http://www.loc.gov/MARC21/slim"><record><leader>00563nam--2200205-i-4500</leader><controlfield tag="001">000011669</controlfield><controlfield tag="002">20161230</controlfield><controlfield tag="005">20161230201029</controlfield><controlfield tag="008">060222s1000------------r-----000-0-eng-d</controlfield><datafield ind1=" " ind2=" " tag="040"><subfield code="a">IFIN-HH</subfield></datafield><datafield ind1=" " ind2=" " tag="080"><subfield code="a">533.9</subfield></datafield><datafield ind1="1" ind2=" " tag="100"><subfield code="a">Simon, Albert</subfield></datafield><datafield ind1="1" ind2="0" tag="245"><subfield code="a">Advances in plasma physics</subfield><subfield code="c">ALBERT SIMON, WILLIAM B. THOMSON (Eds.)</subfield></datafield><datafield ind1=" " ind2=" " tag="260"><subfield code="a">New York,</subfield><subfield code="b">Interscience Publishers</subfield></datafield><datafield ind1=" " ind2=" " tag="300"><subfield code="a">6 volume</subfield></datafield><datafield ind1=" " ind2=" " tag="490"><subfield code="a">An Interscience Series</subfield></datafield><datafield ind1="1" ind2=" " tag="700"><subfield code="a">Thompson, William B</subfield></datafield><datafield ind1=" " ind2=" " tag="787"><subfield code="a">vol. 6</subfield><subfield code="d">1976</subfield><subfield code="h">600 p</subfield></datafield><datafield ind1=" " ind2=" " tag="852"><subfield code="a">29649</subfield><subfield code="c">533.9</subfield></datafield><datafield ind1=" " ind2=" " tag="CAT"><subfield code="a">Sys</subfield><subfield code="c">20100923</subfield><subfield code="h">085938</subfield></datafield></record></collection>